%%%%%%%%%%%%%%%%%%%%%%% Comments %%%%%%%%%%%%%%%%%%%%%%%%
%% BibTeX can accept names in "forename surname" or "surname, forename".
%% to tell BibTeX when a reference has more than one author by putting the keyword "and" in between every author.
%%%%%%%%%%%%%%%%%%%%%%% Bibliography %%%%%%%%%%%%%%%%%%%%%%%
@inproceedings{Cong2011Sparse,
	title={Sparse reconstruction cost for abnormal event detection},
	author={Cong, Yang and Yuan, Junsong and Liu, Ji},
	booktitle={IEEE Conference on Computer Vision and Pattern Recognition},
	pages={3449-3456},
	year={2011},
}

@article{li2000,
	author = {李炳穆},
	title = {理想的图书馆员和信息专家的素质与形象},
	journal = {图书情报工作},
	year = {2000},
	number = {2},
	pages = {5-8},
	language = {chinese},
}


